<record><leader>00000cas a22000007a 4500</leader><controlfield tag="001">11712178</controlfield><controlfield tag="008">850220d18731926ohuwr ne      0    0eng d</controlfield><datafield ind1=" " ind2=" " tag="010"><subfield code="a">sn 85038089 </subfield></datafield><datafield ind1=" " ind2=" " tag="040"><subfield code="a">NPY</subfield><subfield code="b">eng</subfield><subfield code="c">NPY</subfield><subfield code="d">NPU</subfield><subfield code="d">ONP</subfield><subfield code="d">OCLCQ</subfield></datafield><datafield ind1=" " ind2=" " tag="042"><subfield code="a">msc</subfield></datafield><datafield ind1="0" ind2=" " tag="130"><subfield code="a">New Lexington tribune (New Lexington, Ohio : 1873)</subfield></datafield><datafield ind1="1" ind2="4" tag="245"><subfield code="a">The New Lexington tribune.</subfield></datafield><datafield ind1="3" ind2="0" tag="246"><subfield code="a">Tribune</subfield></datafield><datafield ind1=" " ind2=" " tag="260"><subfield code="a">New Lexington, Ohio :</subfield><subfield code="b">James F. McMahon,</subfield><subfield code="c">1873-</subfield></datafield><datafield ind1=" " ind2=" " tag="300"><subfield code="a">v. ;</subfield><subfield code="c">67 cm.</subfield></datafield><datafield ind1=" " ind2=" " tag="310"><subfield code="a">Weekly</subfield></datafield><datafield ind1="0" ind2=" " tag="362"><subfield code="a">Vol. 2, no. 27 (Mar. 6, 1873)-</subfield></datafield><datafield ind1="1" ind2=" " tag="362"><subfield code="a">Ceased in 1926?</subfield><subfield code="z">Cf. Gutgesell, S. Guide to Ohio newspapers, 1974.</subfield></datafield><datafield ind1=" " ind2=" " tag="500"><subfield code="a">Published on Thursday.</subfield></datafield><datafield ind1=" " ind2=" " tag="500"><subfield code="a">"Republican." Cf. Gutgesell, S. Guide to Ohio newspapers, 1974.</subfield></datafield><datafield ind1=" " ind2=" " tag="500"><subfield code="a">Published as: Tribune, Mar. 6, 1873.</subfield></datafield><datafield ind1=" " ind2=" " tag="500"><subfield code="a">Editor: James F. McMahon.</subfield></datafield><datafield ind1=" " ind2=" " tag="580"><subfield code="a">Publication was located in Somerset, Ohio before Mar. 6, 1873 and was known as: Somerset tribune. Somerset tribune moved to New Lexington, Ohio and became: New Lexington tribune (New Lexington, Ohio : 1873). Before publishing as the New Lexington tribune (New Lexington, Ohio : 1873), the publication absorbed: Perry County Republican (New Lexington, Ohio).</subfield></datafield><datafield ind1="1" ind2=" " tag="700"><subfield code="a">McMahon, James F.</subfield></datafield><datafield ind1=" " ind2=" " tag="752"><subfield code="a">United States</subfield><subfield code="b">Ohio</subfield><subfield code="c">Perry</subfield><subfield code="d">New Lexington.</subfield></datafield><datafield ind1="1" ind2="0" tag="780"><subfield code="t">Somerset tribune</subfield><subfield code="w">(DLC)sn8700075035</subfield></datafield><datafield ind1="1" ind2="5" tag="780"><subfield code="t">Perry County Republican (New Lexington, Ohio)</subfield><subfield code="w">(DLC)sn8700075018</subfield></datafield><datafield ind1="0" ind2="0" tag="785"><subfield code="t">Perry County tribune (New Lexington, Ohio : 1927)</subfield></datafield><datafield ind1="1" ind2=" " tag="029"><subfield code="a">AU@</subfield><subfield code="b">000025789877</subfield></datafield></record>